@misc{siegfried_bytes,
  author       = {R. M. Siegfried},
  title        = {{Notes on Bytes and Bytes}},
  url = {https://home.adelphi.edu/~siegfried/cs170/notes.html},
  note         = {Class notes, Adelphi University},
  note         = {Accessed: 2025-07-11},
  year         = {2017},
}

@misc{chua_data_representation,
  author       = {Chua Hock-Chua},
  title        = {{A Tutorial on Data Representation Integers, Floating-point Numbers, and Characters}},
  url = {https://www3.ntu.edu.sg/home/ehchua/programming/java/datarepresentation.html},
  note         = {Accessed: 2025-07-11},
  year         = {2014}
}

@book{salomon_compression_complete,
  author = {Salomon, David},
  title = {{Data Compression: The Complete Reference}},
  year = {2006},
  isbn = {1846286026},
  publisher = {Springer-Verlag},
  address = {Berlin, Heidelberg},
  url = {https://bibcercador.uab.cat/permalink/34CSUC_UAB/avjcib/alma991011183977706709}
}

@book{Yang2023Introduction,
  author = {Yang, Yibo and Mandt, Stephan and Theis, Lucas},
  title = {{An introduction to neural data compression}},
  publisher = {{Foundations and Trends in Computer Graphics and Vision}},
  year = {2023},
  volume = {15},
  number = {2},
  url = {https://theis.io/publications/0600000107.pdf}
}

@article{goyal_transform_coding,
  author = {Goyal, Vivek K.},
  title = {{Theoretical foundations of transform coding}},
  journal = {{IEEE Signal Processing Magazine}},
  volume = {18},
  number = {5},
  pages = {9-21},
  year = {2001},
  month = {Sept.},
  url = {https://doi.org/10.1109/79.952802}
}

@misc{collins_understanding_rasters,
  author       = {{Joseph Collins-Unruh}},
  title        = {{Understanding Rasters}},
  url = {https://cdn.safe.com/fmepedia/attachments/000001943/UnderstandingRasters.pdf},
  note         = {Accessed: 2025-07-11},
  year         = {2006}
}

@misc{loc_bsq,
  author       = {{Library of Congress}},
  title        = {{Band Sequential (BSQ) Image File}},
  url = {https://www.loc.gov/preservation/digital/formats/fdd/fdd000289.shtml},
  note         = {Accessed: 2025-07-11},
  year         = {2021}
}

@misc{loc_bil,
  author       = {{Library of Congress}},
  title        = {{Band Interleaved by Line (BIL) Image File Format}},
  url = {https://www.loc.gov/preservation/digital/formats/fdd/fdd000304.shtml},
  note         = {Accessed: 2025‑07‑11},
  year         = {2021}
}

@misc{loc_bip,
  author       = {{Library of Congress}},
  title        = {{Band Interleaved by Pixel (BIP) Image File Format}},
  url = {https://www.loc.gov/preservation/digital/formats/fdd/fdd000305.shtml},
  note         = {Accessed: 2025-07-11},
  year         = {2021}
}

@misc{rasband_imagej,
  author       = {Rasband, W. S.},
  title        = {{ImageJ}},
  howpublished = {U.S. National Institutes of Health, Bethesda, MD, USA},
  year         = {1997--2018},
  url = {https://imagej.net/},
}

@book{sayood_introduction,
  title={{Introduction to data compression}},
  author={Sayood, Khalid},
  year={2006},
  publisher={Elsevier},
  url={https://bibcercador.uab.cat/permalink/34CSUC_UAB/1pvhgf7/alma991010367035106709},
}

@book{cover_elements,
  title={{Elements of information theory}},
  author={Cover, Thomas M},
  year={1999},
  publisher={John Wiley \& Sons},
  url={https://bibcercador.uab.cat/permalink/34CSUC_UAB/avjcib/alma991006376339706709},
}

@ARTICLE{shannon_communication,
  author={Shannon, C. E.},
  journal={The Bell System Technical Journal},
  title={{A mathematical theory of communication}},
  year={1948},
  volume={27},
  number={3},
  pages={379-423},
  url={https://dx.doi.org/10.1002/j.1538-7305.1948.tb01338.x}
}

@article{stone_information,
author={James V Stone},
title={{Information Theory: A Tutorial Introduction}},
year={2019},
url={https://arxiv.org/abs/1802.05968},
}

@book{taubman2002jpeg2000,
  title={{JPEG2000: Image compression fundamentals, standards and practice}},
  author={Taubman, David S and Marcellin, Michael W},
  publisher={Springer Science \& Business Media},
  url={https://bibcercador.uab.cat/permalink/34CSUC_UAB/1eqfv2p/alma991001464109706709},
  year={2002}
}

@article{mantiuk2023hdr,
  title={{HDR-VDP-3: A multi-metric for predicting image differences,
          quality and contrast distortions in high dynamic range and regular content}},
  author={Mantiuk, Rafal K and Hammou, Dounia and Hanji, Param},
  journal={arXiv preprint arXiv:2304.13625},
  year={2023},
  url={https://doi.org/10.48550/arXiv.2304.13625}
}

@inproceedings{daly1992visible,
  title={{Visible differences predictor: an algorithm for the assessment of image fidelity}},
  author={Daly, Scott J},
  booktitle={{Human Vision, Visual Processing, and Digital Display III}},
  volume={1666},
  pages={2--15},
  year={1992},
  url={https://doi.org/10.1117/12.135952},
  organization={SPIE}
}

@article{BalleLaparra2017factorised,
    author = {Ballé, J. and Laparra, V. and Simoncelli, E.},
    title = {{End-to-End Optimised Image Compression}},
    journal = {International Conference on Learning Representations (ICLR)},
    year = 2017,
    url={https://arxiv.org/abs/1611.01704}
}

@article{balle2018hyperprior,
  title={{Variational Image Compression with a Scale Hyperprior}},
  author={Johannes Ball{\'e} and David C. Minnen and Saurabh Singh and Sung Jin Hwang and Nick Johnston},
  journal={International Conference on Learning Representations (ICLR)},
  year={2018},
  url={https://arxiv.org/abs/1802.01436}
}

@inproceedings{kidger2020universal,
  title={{Universal approximation with deep narrow networks}},
  author={Kidger, Patrick and Lyons, Terry},
  booktitle={{Conference on learning theory}},
  pages={2306--2327},
  year={2020},
  url={https://arxiv.org/abs/1905.08539},
  organization={PMLR}
}

@article{hornik1991approximation,
  title={{Approximation capabilities of multilayer feedforward networks}},
  author={Hornik, Kurt},
  journal={Neural networks},
  volume={4},
  number={2},
  pages={251--257},
  year={1991},
  url={https://doi.org/10.1016/0893-6080(91)90009-T},
  publisher={Elsevier}
}

@article{Balle2021NTC,
    author={Ballé, Johannes and Chou, Philip A. and Minnen, David and Singh, Saurabh and Johnston, Nick and Agustsson, Eirikur and Hwang, Sung Jin and Toderici, George},
    journal={IEEE Journal of Selected Topics in Signal Processing}, 
    title={{Nonlinear Transform Coding}}, 
    year={2021},
    volume={15},
    number={2},
    pages={339-353},
    url={https://arxiv.org/abs/2007.03034}

}

@INPROCEEDINGS{mirrashid2018compressedsensing,
  author={Mirrashid, Alireza and Beheshti, Ali Asghar},
  booktitle={{2018 9th International Symposium on Telecommunications (IST)}}, 
  title={{Compressed Remote Sensing by Using Deep Learning}}, 
  year={2018},
  volume={},
  number={},
  pages={549-552},
  doi={10.1109/ISTEL.2018.8661112}}

@inproceedings{minnen2018hierarchical,
  title={{Joint Autoregressive and Hierarchical Priors for Learned Image Compression}},
  author={David C. Minnen and Johannes Ball{\'e} and George Toderici},
  booktitle={{NeurIPS}},
  year={2018},
  url={https://arxiv.org/abs/1809.02736}
}

@inproceedings{choi2019conditional,
author = {Choi, Yoojin and El-Khamy, Mostafa and Lee, Jungwon},
year = {2019},
month = {10},
pages = {3146-3154},
title = {{Variable Rate Deep Image Compression With a Conditional Autoencoder}},
booktitle = {{Proceedings of the IEEE/CVF Conference on Computer Vision and Pattern Recognition (CVPR)}},
url = {https://doi.org/10.1109/ICCV.2019.00324}
}

@article{cheng2019residual,
  title={{Deep Residual Learning for Image Compression}},
  author={Cheng, Zhengxue and Sun, Heming and Takeuchi, Masaru and Katto, Jiro},
  journal={Conference on Computer Vision and Pattern Recognition (CVPR) Workshop},
  year={2019},
  url={https://arxiv.org/abs/1906.09731}
}

@ARTICLE{yang2020modulated,
  author={Yang, Fei and Herranz, Luis and Weijer, Joost van de and Guitián, José A. Iglesias and López, Antonio M. and Mozerov, Mikhail G.},
  journal={IEEE Signal Processing Letters}, 
  title={{Variable Rate Deep Image Compression With Modulated Autoencoder}}, 
  year={2020},
  volume={27},
  number={},
  pages={331-335},
  url={https://doi.org/10.1109/LSP.2020.2970539}}

@InProceedings{yang2021slimmable,
    author    = {Yang, Fei and Herranz, Luis and Cheng, Yongmei and Mozerov, Mikhail G.},
    title     = {{Slimmable Compressive Autoencoders for Practical Neural Image Compression}},
    booktitle = {{Proceedings of the IEEE/CVF Conference on Computer Vision and Pattern Recognition (CVPR)}},
    month     = {June},
    year      = {2021},
    pages     = {4998-5007},
    url={https://arxiv.org/abs/2103.15726}
}

@INPROCEEDINGS{cheng2020gmm_attention,
  author={Cheng, Zhengxue and Sun, Heming and Takeuchi, Masaru and Katto, Jiro},
  booktitle={{2020 IEEE/CVF Conference on Computer Vision and Pattern Recognition (CVPR)}}, 
  title={{Learned Image Compression With Discretized Gaussian Mixture Likelihoods and Attention Modules}}, 
  year={2020},
  volume={},
  number={},
  pages={7936-7945},
  url={https://arxiv.org/abs/2001.01568}}

@article{He2022ELIC,
  title={{ELIC: Efficient Learned Image Compression with Unevenly Grouped Space-Channel Contextual Adaptive Coding}},
  author={Dailan He and Zi Yang and Weikun Peng and Rui Ma and Hongwei Qin and Yan Wang},
  journal={2022 IEEE/CVF Conference on Computer Vision and Pattern Recognition (CVPR)},
  year={2022},
  pages={5708-5717},
  url={https://api.semanticscholar.org/CorpusID:247594672}
}

@ARTICLE{fu2024checkerboardresidual,
  author={Fu, Haisheng and Liang, Feng and Liang, Jie and Wang, Yongqiang and Fang, Zhenman and Zhang, Guohe and Han, Jingning},
  journal={IEEE Transactions on Image Processing}, 
  title={{Fast and High-Performance Learned Image Compression With Improved Checkerboard Context Model, Deformable Residual Module, and Knowledge Distillation}}, 
  year={2024},
  volume={33},
  number={},
  pages={4702-4715},
  url={https://dx.doi.org/10.1109/TIP.2024.3445737}}

@book{stinson_crypto,
  title={{Cryptography: theory and practice}},
  author={Stinson, Douglas R},
  year={2006},
  edition={Fourth},
  publisher={Chapman and Hall/CRC},
  url={https://doi.org/10.1201/9781315282497},
}

@Standard{ccsds121x0b3,
  title        = {{Lossless Data Compression. Blue Book. Issue 3.}},
  organization = {Consultative Committee for Space Data Systems (CCSDS)},
  number       = {CCSDS 121.0-B-3},
  url          = {https://ccsds.org/wp-content/uploads/gravity_forms/5-448e85c647331d9cbaf66c096458bdd5/2025/01//121x0b3.pdf},
  year         = {2020},
  month        = aug,
}

@Standard{ccsds123x0b2,
  title        = {{Low-Complexity Lossless and Near-Lossless Multispectral and Hyperspectral Image Compression. Blue Book. Issue 2}},
  organization = {Consultative Committee for Space Data Systems (CCSDS)},
  number       = {CCSDS 123.0-B-2},
  url          = {https://ccsds.org/wp-content/uploads/gravity_forms/5-448e85c647331d9cbaf66c096458bdd5/2025/01//123x0b2e2c3.pdf},
  year         = {2019},
  month = feb,
}


@article{golomb_rle,
  title={{Run-length encodings (corresp.)}},
  author={Golomb, Solomon},
  journal={IEEE transactions on information theory},
  volume={12},
  number={3},
  pages={399--401},
  year={1966},
  publisher={IEEE},
  url={https://doi.org/10.1109/TIT.1966.1053907},
}

@article{duda_asn,
  author       = {Jarek Duda},
  title        = {{Asymmetric numeral systems}},
  journal      = {CoRR},
  volume       = {abs/0902.0271},
  year         = {2009},
  url          = {https://arxiv.org/abs/0902.0271},
  eprinttype    = {arXiv},
  eprint       = {0902.0271},
  timestamp    = {Mon, 27 Nov 2023 13:31:32 +0100},
  biburl       = {https://dblp.org/rec/journals/corr/abs-0902-0271.bib},
  bibsource    = {dblp computer science bibliography, https://dblp.org}
}

@misc{collet_zstd,
    series =    {Request for Comments},
    number =    8878,
    howpublished =  {RFC 8878},
    publisher = {RFC Editor},
    url = {https://doi.org/10.17487/RFC8878},
    url =       {https://www.rfc-editor.org/info/rfc8878},
    author =    {Yann Collet and Murray Kucherawy},
    title =     {{Zstandard Compression and the 'application/zstd' Media Type}},
    pagetotal = 45,
    year =      2021,
    month =     feb,
    abstract =  {Zstandard, or "zstd" (pronounced "zee standard"), is a lossless data compression mechanism. This document describes the mechanism and registers a media type, content encoding, and a structured syntax suffix to be used when transporting zstd-compressed content via MIME. Despite use of the word "standard" as part of Zstandard, readers are advised that this document is not an Internet Standards Track specification; it is being published for informational purposes only. This document replaces and obsoletes RFC 8478.},
}

@misc{lzfse,
  author       = {Eric Bainville},
  title        = {{lzfse: Reference C implementation of LZFSE (Lempel–Ziv + Finite State Entropy)}},
  year         = {2016},
  note         = {Commit tag “lzfse‑1.0” (introduced June 7, 2016); BSD‑3‑Clause license},
  url          = {https://github.com/lzfse/lzfse}
}

@misc{jpeg_xl,
  title = {{JPEG XL Image Coding System}},
  author = {{Joint Photographic Experts Group}},
  year = {2021},
  url = {https://jpeg.org/jpegxl/index.html}
}

@ARTICLE{lz77,
  author={Ziv, J. and Lempel, A.},
  journal={IEEE Transactions on Information Theory},
  title={{A universal algorithm for sequential data compression}},
  year={1977},
  volume={23},
  number={3},
  pages={337-343},
  url={https://doi.org/10.1109/TIT.1977.1055714}}

@book{mcanlis_understanding,
  title={{Understanding compression: Data compression for modern developers}},
  author={McAnlis, Colt and Haecky, Aleks},
  year={2016},
  publisher={O'Reilly Media, Inc.},
  url={https://bibcercador.uab.cat/permalink/34CSUC_UAB/1eqfv2p/alma991011182709906709}
}

@ARTICLE{auli_geq,
  author={Auli-Llinas, Francesc},
  journal={IEEE Transactions on Signal Processing},
  title={{General Embedded Quantization for Wavelet-Based Lossy Image Coding}},
  year={2013},
  volume={61},
  number={6},
  pages={1561-1574},
  url={https://doi.org/10.1109/TSP.2012.2236323}}

@Article{hernandez_analysis,
  Title                    = {Analysis-Driven Lossy Compression of DNA Microarray Images},
  Author                   = {M. Hern{\'a}ndez-Cabronero and I. Blanes and A. J. Pinho and M. W. Marcellin and J. Serra-Sagrist{\`a}},
  Journal                  = {IEEE Transactions on Medical Imaging},
  Year                     = {2016},
  Month                    = {February},
  Number                   = {2},
  Pages                    = {654-664},
  Volume                   = {35},
  Url                      = {https://dx.doi.org/10.1109/TMI.2015.2489262}
}

@ARTICLE{mse_love,
  author={Wang, Zhou and Bovik, Alan C.},
  journal={IEEE Signal Processing Magazine},
  title={{Mean squared error: Love it or leave it? A new look at Signal Fidelity Measures}},
  year={2009},
  volume={26},
  number={1},
  pages={98-117},
  url={https:/dx.doi.org/10.1109/MSP.2008.930649}}



  @article{kruse_spectral_angle,
  title={{The spectral image processing system (SIPS)—interactive visualization and analysis of imaging spectrometer data}},
  author={Kruse, Fred A and Lefkoff, Adam B and Boardman, Joseph W and Heidebrecht, Kathleen B and Shapiro, AT and Barloon, PJ and Goetz, Alexander FH},
  journal={Remote sensing of environment},
  volume={44},
  number={2-3},
  pages={145--163},
  year={1993},
  publisher={Elsevier},
  url={https://doi.org/10.1016/0034-4257(93)90013-N}
}


@ARTICLE{wang_ssim,
  author={Zhou Wang and Bovik, A.C. and Sheikh, H.R. and Simoncelli, E.P.},
  journal={IEEE Transactions on Image Processing},
  title={{Image quality assessment: from error visibility to structural similarity}},
  year={2004},
  volume={13},
  number={4},
  pages={600-612},
  url={https://doi.org/10.1109/TIP.2003.819861}}

@INPROCEEDINGS{wang_ms_ssim,
  author={Wang, Z. and Simoncelli, E.P. and Bovik, A.C.},
  booktitle={{The Thrity-Seventh Asilomar Conference on Signals, Systems and Computers, 2003}},
  title={{Multiscale structural similarity for image quality assessment}},
  year={2003},
  volume={2},
  pages={1398-1402},
  url={https://doi.org/10.1109/ACSSC.2003.1292216}}


% For the distortion metric exercise

@article{auli_llinas_visuallylossless,
  author    = {Francesc Auli-Llinas and Carlos de Cea-Domínguez and Miguel Hernandez-Cabronero},
  title     = {{Accelerating BPC-PaCo through Visually Lossless Techniques}},
  journal   = {Journal of Visual Communication and Image Representation},
  year      = {2022},
  volume    = {89},
  pages     = {103672},
  url       = {https://doi.org/10.1016/j.jvcir.2022.103672}
}

@article{maireles_gonzalez_astro,
  author    = {Oscar Maireles‑Gonzalez and Joan Bartrina‑Rapesta and Miguel Hernandez‑Cabronero and Joan Serra‑Sagrista},
  title     = {{Efficient Lossless Compression of Integer Astronomical Data}},
  journal   = {Publications of the Astronomical Society of the Pacific},
  year      = {2023},
  volume    = {135},
  number    = {1051},
  pages     = {094502},
  url       = {https://doi.org/10.1088/1538-3873/acf6e0}
}

@article{bartrina_ccsds,
  author    = {Joan Bartrina-Rapesta and Miguel Hernandez-Cabronero and Joan Serra-Sagrista},
  title     = {{Reducing Data Dependencies in the Feedback Loop of the CCSDS 123.0-B-2 Predictor}},
  journal   = {IEEE Transactions on Geoscience and Remote Sensing},
  year      = {2022},
  url = {https://ddd.uab.cat/pub/artpub/2022/275899/IEEE_TGRS_IUMA_UAB_Review.pdf}
}

@article{chow_k2raster,
  author  = {Kevin Chow and Dion Eustathios Olivier Tzamarias and Miguel Hernandez-Cabronero and Ian Blanes and Joan Serra-Sagrista},
  title   = {{Performance Improvement on k$^2$‑Raster Compact Data Structure for Hyperspectral Scenes}},
  journal = {IEEE Geoscience and Remote Sensing Letters},
  year    = {2021},
  volume  = {19},
  pages   = {1--5},
  url     = {https://doi.org/10.1109/LGRS.2021.3084065}
}

@article{tzamarias_runlength,
  author  = {Dion E O Tzamarias and Kevin Chow and Ian Blanes and Joan Serra‑Sagrista},
  title   = {{Fast Run‑Length Compression of Point Cloud Geometry}},
  journal = {IEEE Transactions on Image Processing},
  year    = {2022},
  volume  = {31},
  pages   = {4490--4501},
  url     = {https://doi.org/10.1109/TIP.2022.3185541}
}

@article{verdu_mijares_hyperspectral,
  author  = {Sebastia Mijares i Verdu and Johannes Ballé and Valero Laparra and Joan Bartrina-Rapesta and Miguel Hernandez-Cabronero and Joan Serra-Sagristà},
  title   = {{A Scalable Reduced-Complexity Compression of Hyperspectral Remote Sensing Images Using Deep Learning}},
  journal = {Remote Sensing},
  year    = {2023},
  volume  = {15},
  number  = {18},
  pages   = {4422},
  url     = {https://doi.org/10.3390/rs15184422}
}


@article{fan_probability,
  author  = {Xiang Fan and Yueru Chen and Pascal Frossard},
  title   = {{Probability Models for Highly Parallel Image Coding Architecture}},
  journal = {Image Communication},
  year    = {2022},
  volume  = {107},
  pages   = {116914},
  url     = {https://doi.org/10.1016/j.image.2022.116914}
}



@article{veller_tans,
  author  = {Christoph Veller and Peter B. Budge and Samuel P. Burns and Faramarz Faghri and Fabien Verdier and Fredrik Tufvesson},
  title   = {{Redundancy and Optimization of tANS Entropy Encoders}},
  journal = {IEEE Transactions on Multimedia},
  year    = {2021},
  volume  = {23},
  pages   = {2427--2440},
  url     = {https://doi.org/10.1109/TMM.2020.3040547}
}

@article{bartrina_ccsdsreview,
  author  = {Joan Bartrina-Rapesta and Miguel Hernandez-Cabronero and Joan Serra-Sagrista},
  title   = {{The CCSDS 123.0-B-2 “Low-Complexity Lossless and Near-Lossless Multispectral and Hyperspectral Image Compression” Standard: A Comprehensive Review}},
  journal = {IEEE Geoscience and Remote Sensing Magazine},
  year    = {2021},
  volume  = {9},
  number  = {3},
  pages   = {20--34},
  url     = {https://doi.org/10.1109/MGRS.2020.3048443}
}

@article{martin_lostsignals,
  author  = {Guillermo Martin and Jordi Serra-Sagristà and Miguel Hernandez-Cabronero},
  title   = {{An Efficient Algorithm for Segmenting Quasi-Periodic Digital Signals Into Pseudo Cycles: Application in Lossy Audio Compression}},
  journal = {IEEE/ACM Transactions on Audio, Speech, and Language Processing},
  year    = {2022},
  volume  = {30},
  pages   = {1414--1426},
  url     = {https://doi.org/10.1109/TASLP.2022.3171969}
}

@article{zeghidour_soundstream,
  author  = {Nima Zeghidour and A. Van Den Oord and Yossi Adi and S. Dieleman and A. Skerry-Ryan and D. Sotelo and A. Vinyals and O. Vinyals},
  title   = {{SoundStream: An End-to-End Neural Audio Codec}},
  journal = {IEEE/ACM Transactions on Audio, Speech, and Language Processing},
  year    = {2022},
  volume  = {30},
  pages   = {171--186},
  url     = {https://doi.org/10.1109/TASLP.2021.3129994}
}

@inproceedings{marpe_mpeglowcomplexity,
  author    = {Detlev Marpe and Thomas Wiegand},
  title     = {{An Efficient Low Complexity Encoder for MPEG Advanced Audio Coding}},
  booktitle = {{Proceedings of the International Conference on Advanced Communication Technology (ICACT)}},
  year      = {2006},
  pages     = {1313--1317},
  url       = {https://doi.org/10.1109/ICACT.2006.206269}
}

@inproceedings{kim_svacencoder,
  author    = {Sangheon Kim and Taewan Kim and Younghee Kwon},
  title     = {{A Novel Scheme for SVAC Audio Encoder}},
  booktitle = {{Proceedings of the International Symposium on Communications and Information Technologies (ISCIT)}},
  year      = {2014},
  pages     = {122--126},
  url       = {https://doi.org/10.1109/ISCIT.2014.7011970}
}

@article{li_dnacompression,
  author  = {Yong Li and Xing Wang and Bo Liu and Zhi Wei and Kui Wu},
  title   = {{Compression of Multiple DNA Sequences Using Intra-Sequence and Inter-Sequence Similarities}},
  journal = {IEEE/ACM Transactions on Computational Biology and Bioinformatics},
  year    = {2015},
  volume  = {12},
  number  = {5},
  pages   = {1029--1039},
  url     = {https://doi.org/10.1109/TCBB.2015.2403370}
}

@article{liu_lossyqualityvalues,
  author  = {Bo Liu and Qiwei Huang and Jian Huang and Kui Wu},
  title   = {{Lossy Compression of Quality Values in Sequencing Data}},
  journal = {IEEE/ACM Transactions on Computational Biology and Bioinformatics},
  year    = {2019},
  volume  = {16},
  number  = {3},
  pages   = {866--877},
  url     = {https://doi.org/10.1109/TCBB.2019.2959273}
}

@article{huang_clusteringdna,
  author  = {Qiwei Huang and Bo Liu and Kui Wu},
  title   = {{Clustering-Based Compression for Population DNA Sequences}},
  journal = {IEEE/ACM Transactions on Computational Biology and Bioinformatics},
  year    = {2017},
  volume  = {14},
  number  = {5},
  pages   = {1123--1135},
  url     = {https://doi.org/10.1109/TCBB.2017.2762302}
}

@inproceedings{de_moura_waveletecg,
  author    = {M. F. de Moura and D. L. de Faria and L. de Almeida and R. B. de Queiroz},
  title     = {{Wavelet Compression of ECG Signals by JPEG2000}},
  booktitle = {{Proceedings of the Data Compression Conference (DCC)}},
  year      = {2004},
  pages     = {385},
  url       = {https://doi.org/10.1109/DCC.2004.1281503}
}

@inproceedings{mao_ecg_lzw,
  author    = {Xiaolong Mao and Xinyu Wang and Yajie Yan},
  title     = {{ECG Compression Using Compressed Sensing with Lempel-Ziv-Welch Technique}},
  booktitle = {{Proceedings of the National Graduate Conference on Telecommunications (NGCT)}},
  year      = {2015},
  pages     = {1--6},
  url       = {https://doi.org/10.1109/NGCT.2015.7375242}
}

@article{rodriguez_lasvas,
  author  = {J. Rodríguez-Fernández and M. Fernández-Moral and M. Fernández-Cardador and J. A. Gómez-González and P. Sánchez-Sánchez and A. Ríos-Navarro},
  title   = {{Rate-Distortion and Complexity Comparison of HEVC and VVC Video Encoders}},
  journal = {IEEE Latin America Transactions},
  year    = {2020},
  volume  = {18},
  pages   = {1412--1424},
  url     = {https://doi.org/10.1109/LASCAS45839.2020.9069036}
}

@article{li_transformvvc,
  author  = {Yi Li and Ying Sun and Zhenyu He and Qiu Shen and Shiguang Shan},
  title   = {{Transform Coding in the VVC Standard}},
  journal = {IEEE Transactions on Circuits and Systems for Video Technology},
  year    = {2021},
  volume  = {31},
  number  = {11},
  pages   = {4152--4164},
  url     = {https://doi.org/10.1109/TCSVT.2021.3087706}
}

@ARTICLE{cleary_ppm,
  author={Cleary, J. and Witten, I.},
  journal={IEEE Transactions on Communications},
  title={{Data Compression Using Adaptive Coding and Partial String Matching}},
  year={1984},
  volume={32},
  number={4},
  pages={396-402},
  url={https://doi.org/10.1109/TCOM.1984.1096090}}

@techreport{mahoney_paq1,
  author       = {Mahoney, Matthew V.},
  title        = {{The PAQ1 Data Compression Program}},
  institution  = {Florida Institute of Technology, Computer Science Department},
  type         = {Technical Report (draft)},
  year         = {2002},
  month        = {January},
  url={https://mattmahoney.net/dc/paq1.pdf},
}

@book{salomon_handbook,
  title={{Handbook of data compression}},
  author={Salomon, David and Motta, Giovanni},
  year={2010},
  publisher={Springer Science and Business Media},
  url={https://bibcercador.uab.cat/permalink/34CSUC_UAB/1eqfv2p/alma991010484105706709},
}

@INPROCEEDINGS{wu_calic,
  author={Xiaolin Wu and Memon, N.},
  booktitle={{1996 IEEE International Conference on Acoustics, Speech, and Signal Processing Conference Proceedings}},
  title={{CALIC-a context based adaptive lossless image codec}},
  year={1996},
  volume={4},
  pages={1890-1893},
  url={https://doi.org/10.1109/ICASSP.1996.544819}}

@standard{jpeg_ls,
  author       = {{International Telecommunication Union}},
  title        = {{Information technology -- Lossless and near-lossless compression of continuous-tone still images (JPEG-LS)}},
  year         = {1998},
  number       = {ITU-T Recommendation T.87},
  organization = {International Telecommunication Union},
  type         = {Standard},
  address      = {Geneva, Switzerland},
  url = {https://www.itu.int/rec/T-REC-T.87}
}
